<?xml version="1.0" encoding="utf-8"?>
<record xmlns="http://www.loc.gov/MARC21/slim" xmlns:xsi="http://www.w3.org/2001/XMLSchema-instance" xsi:schemaLocation="http://www.loc.gov/MARC21/slim http://www.loc.gov/standards/marcxml/schema/MARC21slim.xsd">
	<leader>     nam a22     Mi 4500</leader>
	<controlfield tag="001">b12757147</controlfield>
	<controlfield tag="003">LeBAU</controlfield>
	<controlfield tag="006">m        d        </controlfield>
	<controlfield tag="007">cr cn |||m|||a</controlfield>
	<controlfield tag="008">181105s1950    ua abh  ob    ||0 0 ara d</controlfield>
	<datafield ind1=" " ind2=" " tag="040">
		<subfield code="a">ZYU</subfield>
		<subfield code="b">ara</subfield>
		<subfield code="e">rda</subfield>
		<subfield code="c">ZYU</subfield>
	</datafield>
	<datafield ind1=" " ind2="4" tag="050">
		<subfield code="a">HD4343</subfield>
		<subfield code="b">.S435 1950</subfield>
	</datafield>
	<datafield ind1="0" ind2="4" tag="082">
		<subfield code="a">626.8</subfield>
		<subfield code="2">20</subfield>
	</datafield>
	<datafield ind1="1" ind2=" " tag="100">
		<subfield code="6">880-01</subfield>
		<subfield code="a">Shāfiʻī, ʻAlī,</subfield>
		<subfield code="e">author.</subfield>
	</datafield>
	<datafield ind1="1" ind2="0" tag="245">
		<subfield code="6">880-02</subfield>
		<subfield code="a">Aʻmāl al-manāfiʻ al-ʻāmmah al-kubrá fī ʻahd Muḥammad ʻAlī al-Kabīr /</subfield>
		<subfield code="c">ʻAlī Shāfiʻī Bik, al-mufattish al-‘āmm li-mashrū‘āt rayy al-ṣaḥārá bi-wizārat al-ashghāl al-‘umūmīyah wa-‘uḍw al-Jam‘īyah al-Malakīyah lil-Dirāsāt al-Tārīkhīyah.</subfield>
	</datafield>
	<datafield ind1="1" ind2=" " tag="246">
		<subfield code="6">880-03</subfield>
		<subfield code="a">Title on Atlas:</subfield>
		<subfield code="a">Aṭlas Aʻmāl al-manāfiʻ al-ʻāmmah al-kubrá fī ʻahd Muḥammad ʻAlī al-Kabīr</subfield>
	</datafield>
	<datafield ind1="1" ind2="5" tag="246">
		<subfield code="6">880-04</subfield>
		<subfield code="a">Grands travaux publics :</subfield>
		<subfield code="b">étudiés et exécutés sous l'époque de Mohammed Ali El-Kébir</subfield>
	</datafield>
	<datafield ind1=" " ind2="1" tag="264">
		<subfield code="6">880-05</subfield>
		<subfield code="a">Miṣr :</subfield>
		<subfield code="b">Dār al-Maʻārif,</subfield>
		<subfield code="c">1369 H. = 1950 M.</subfield>
	</datafield>
	<datafield ind1=" " ind2=" " tag="300">
		<subfield code="6">880-06</subfield>
		<subfield code="e">Atlas (6 leaves of plates : folded color maps)</subfield>
		<subfield code="a">online resource (132 pages, 27 unnumbered leaves of plates) :</subfield>
		<subfield code="b">illustrations, maps, portraits, facsimiles, plans</subfield>
	</datafield>
	<datafield ind1=" " ind2=" " tag="336">
		<subfield code="a">text</subfield>
		<subfield code="2">rdacontent</subfield>
	</datafield>
	<datafield ind1=" " ind2=" " tag="337">
		<subfield code="a">computer</subfield>
		<subfield code="2">rdamedia</subfield>
	</datafield>
	<datafield ind1=" " ind2=" " tag="338">
		<subfield code="a">online resource</subfield>
		<subfield code="2">rdacarrier</subfield>
	</datafield>
	<datafield ind1=" " ind2=" " tag="500">
		<subfield code="a">Part of the Arabic Collections Online (ACO) project, contributed by American University of Beirut's Jafet Memorial Library.</subfield>
	</datafield>
	<datafield ind1=" " ind2=" " tag="533">
		<subfield code="a">Electronic reproduction.</subfield>
		<subfield code="b">New York, N.Y. :</subfield>
		<subfield code="c">New York University,</subfield>
		<subfield code="d">2018.</subfield>
		<subfield code="5">NNU</subfield>
	</datafield>
	<datafield ind1=" " ind2=" " tag="590">
		<subfield code="a">Copies 2 and 3 of Jafet Archives and Special Collections are located in Map drawer: Dr. 5/4 with Maps of Egypt.</subfield>
	</datafield>
	<datafield ind1=" " ind2="0" tag="650">
		<subfield code="6">880-07</subfield>
		<subfield code="a">Public utilities</subfield>
		<subfield code="z">Egypt.</subfield>
	</datafield>
	<datafield ind1=" " ind2="0" tag="650">
		<subfield code="6">880-08</subfield>
		<subfield code="a">Hydrology</subfield>
		<subfield code="z">Egypt</subfield>
		<subfield code="v">Maps.</subfield>
	</datafield>
	<datafield ind1=" " ind2="0" tag="650">
		<subfield code="6">880-09</subfield>
		<subfield code="a">Public works</subfield>
		<subfield code="z">Egypt</subfield>
		<subfield code="v">Maps.</subfield>
	</datafield>
	<datafield ind1=" " ind2="0" tag="650">
		<subfield code="6">880-10</subfield>
		<subfield code="a">Public utilities</subfield>
		<subfield code="z">Egypt.</subfield>
	</datafield>
	<datafield ind1=" " ind2="0" tag="651">
		<subfield code="6">880-11</subfield>
		<subfield code="a">Egypt</subfield>
		<subfield code="x">History</subfield>
		<subfield code="y">Mohammed Ali, 1805-1849.</subfield>
	</datafield>
	<datafield ind1="2" ind2=" " tag="710">
		<subfield code="a">Jafet Memorial Library.</subfield>
	</datafield>
	<datafield ind1="0" ind2=" " tag="730">
		<subfield code="a">Arabic Collections Online.</subfield>
	</datafield>
	<datafield ind1="0" ind2="8" tag="776">
		<subfield code="i">Print version:</subfield>
		<subfield code="a">Shāfiʻī, ʻAlī, author.</subfield>
		<subfield code="t">Aʻmāl al-manāfiʻ al-ʻāmmah al-kubrá fī ʻahd Muḥammad ʻAlī al-Kabīr</subfield>
		<subfield code="w">(LeBAU)b12757147</subfield>
	</datafield>
	<datafield ind1="4" ind2="0" tag="856">
		<subfield code="u">http://hdl.handle.net/2333.1/866t1p8v</subfield>
	</datafield>
	<datafield ind1="1" ind2=" " tag="880">
		<subfield code="6">100-01</subfield>
		<subfield code="a">شافعي، علي،</subfield>
		<subfield code="e">مؤلف.</subfield>
		<subfield code="4">aut.</subfield>
	</datafield>
	<datafield ind1="1" ind2="0" tag="880">
		<subfield code="6">245-02</subfield>
		<subfield code="a">أعمال المنافع العامة الكبرى في عهد محمد علي الكبير /</subfield>
		<subfield code="c">علي شافعي بك، المفتش العام لمشروعات ري الصحارى بوزارة الأشغال العمومية وعضو الجمعية الملكية للدراسات التاريخية.</subfield>
	</datafield>
	<datafield ind1="1" ind2=" " tag="880">
		<subfield code="6">246-03</subfield>
		<subfield code="a">Title on Atlas:</subfield>
		<subfield code="a">أطلس أعمال المنافع العامة الكبرى في عهد محمد علي الكبير </subfield>
	</datafield>
	<datafield ind1="1" ind2="5" tag="880">
		<subfield code="6">246-04</subfield>
		<subfield code="i">عنوان الأطلس:</subfield>
		<subfield code="a">Aṭlas Aʻmāl al-manāfiʻ al-ʻāmmah al-kubrá fī ʻahd Muḥammad ʻAlī al-Kabīr</subfield>
	</datafield>
	<datafield ind1=" " ind2="1" tag="880">
		<subfield code="6">264-05</subfield>
		<subfield code="a">مصر :</subfield>
		<subfield code="b">دار المعارف،</subfield>
		<subfield code="c">1369 هـ. = 1950 م.</subfield>
	</datafield>
	<datafield ind1=" " ind2=" " tag="880">
		<subfield code="6">300-06</subfield>
		<subfield code="a">132 صفحة، 27 ورقة لوحات غير مرقمة :</subfield>
		<subfield code="b">مصورات، خرائط، صور شخصانية، صور طبق الأصل، مخططات هندسية ؛</subfield>
		<subfield code="c">35 cm +</subfield>
		<subfield code="e">أطلس (6 ورقات لوحات : خرائط مطوية ملونة)</subfield>
	</datafield>
	<datafield ind1=" " ind2=" " tag="880">
		<subfield code="6">500-00</subfield>
		<subfield code="a">في رأس العنوان: الجمعية الملكية للدراسات التاريخية، الذكرى المئوية لوفاة المغفور له محمد علي الكبير.</subfield>
	</datafield>
	<datafield ind1=" " ind2=" " tag="880">
		<subfield code="6">504-00</subfield>
		<subfield code="a">يتضمن مراجع ببليوغرافية (صفحات 131-132)</subfield>
	</datafield>
	<datafield ind1="0" ind2=" " tag="880">
		<subfield code="6">505-00</subfield>
		<subfield code="a">Atlas des grands travaux publics : étudiés et exécutés sous l'époque de Mohammed Ali El-Kébir: Map 1: Carte hydrographique de la basse Egypte et d’une partie de l’Isthme de Suez ou sont indiques les travaux  executes ou a executer d’apres les ordres de son altesse Mehemet -Ali vice- roi d’Egypte. Avec le projet de la communication directe des deux mers au travers de l’Isthme . Par M. Linant de Bellefonds, directeur general des Ponts et Chaussees en Egypte. Gravee au depot general de la guerre de France par Schwaerzle . S.of E. 1949 (49/360) -- Map 2: Carte hydrographique de la moyenne Egypte ou sont indiques les travaux  executes ou a executer d’apres les ordres de son altesse Mehemet Ali vice. roi d’Egypte. Avec le projet de la communication directe des deux mers au travers de l’Isthme . Par M. Linant de Bellefonds, directeur general des Ponts et Chaussees en Egypte. Gravee et publiee par les soins du Depot de la guerre, etant Directeur : le colonel Blondel, 1854. Gravee au depot de la guerre par Schwaerzle et Erhard  S.of E. 1949 (49/360) -- Map 3: Carte hydrographique de la partie septentrionale de la Haute Egypte, ou sont indiques les travaux d’arrosage executes et a executer d’apres les ordres de son altesse Mehemet-Ali vice- roi d’Egypte. Par M. Linant de Bellefonds, inspecteur general des Ponts et Chaussees en Egypte. Gravee et publiee par les soins du Depot de la guerre, etant Directeur : le colonel Blondel, 1855. Gravee au depot de la guerre par Erhard. S.of E. 1949 (49/360) -- Map 4: Carte hydrographique de la partie meridionale de la Haute Egypte, ou sont indiques les travaux d’arrosage executes et a executer d’apres les decisions de son altesse Mehemet Ali vice- roi d’Egypte. Par M. Linant de Bellefonds, ancient directeur general des travaux publics. Gravee et publiee au depot de la guerre par les orders de Mr le Marechal Cte .Randon, ministre de la guerre. 1866.  Gravee au depot de la guerre par Erhard -- Map 5: Profil de l’Isthme de Suez selon la ligne des terrains les plus bas et selon la ligne de la communication a etablir directement d’une mer a l’autre -- Map 6: خريطة أقليم الفيوم: وما أشمل عليه من بلاد وترع وجسور ومساقي وأباحر وغيره ما بين قديم منها ومستجد مع أخذ موازين الجهات المرتفعة والمنخفضة  بالأقليم المذكور وقد صار استخراج ذلك بواسطة الآلات الهندسية وتنظيم رسمها بديوان المداس وذلك تطبيقا لما صدرت به الإدارة السنية ... الهمة العلية سنة 1260. مصلحة المساحة 1949 (49/360/1)</subfield>
	</datafield>
	<datafield ind1=" " ind2=" " tag="880">
		<subfield code="6">541-00</subfield>
		<subfield code="c">هبه؛</subfield>
		<subfield code="a">أسد رستم</subfield>
		<subfield code="3">النسخة الثانية: MP 626.8:EGY:1950:c.2.</subfield>
	</datafield>
	<datafield ind1=" " ind2="4" tag="880">
		<subfield code="6">650-07</subfield>
		<subfield code="a">المنافع العامة</subfield>
		<subfield code="z">مصر.</subfield>
	</datafield>
	<datafield ind1=" " ind2="4" tag="880">
		<subfield code="6">650-08</subfield>
		<subfield code="a">الهيدرولوجيا</subfield>
		<subfield code="z">مصر</subfield>
		<subfield code="v">خرائط.</subfield>
	</datafield>
	<datafield ind1=" " ind2="4" tag="880">
		<subfield code="6">650-09</subfield>
		<subfield code="a">هندسة الري</subfield>
		<subfield code="z">مصر</subfield>
		<subfield code="v">خرائط.</subfield>
	</datafield>
	<datafield ind1=" " ind2="4" tag="880">
		<subfield code="6">650-10</subfield>
		<subfield code="a">المنافع العامة</subfield>
		<subfield code="z">مصر</subfield>
		<subfield code="v">خرائط.</subfield>
	</datafield>
	<datafield ind1=" " ind2="4" tag="880">
		<subfield code="6">651-11</subfield>
		<subfield code="a">مصر</subfield>
		<subfield code="x">تاريخ</subfield>
		<subfield code="y">محمد علي، 1805-1849.</subfield>
	</datafield>
	<datafield ind1=" " ind2=" " tag="959">
		<subfield code="a">NNU</subfield>
		<subfield code="b">WEB</subfield>
		<subfield code="c">GENI</subfield>
		<subfield code="t">0</subfield>
		<subfield code="m">Electronic access</subfield>
		<subfield code="s">01</subfield>
	</datafield>
	<datafield ind1=" " ind2=" " tag="999">
		<subfield code="i">LeBAU_b12757147</subfield>
		<subfield code="s">aub_aco001979</subfield>
		<subfield code="e">(ERROR-880)</subfield>
		<subfield code="s">aub_aco001979</subfield>
	</datafield>
</record>
